@misc{CDC:diabetes,
	author = "{Centers for Disease Control and Prevention}",
	title = {What is Diabetes?},
	year = {2020},
	howpublished = {\url{https://www.cdc.gov/diabetes/basics/diabetes.html}},
	note = {Accessed: 2020-10-06}
}

@misc{CDC:t1d,
	author = "{Centers for Disease Control and Prevention}",
	title = "{What is Type 1 Diabetes?}",
	year = {2021},
	howpublished = {\url{https://www.cdc.gov/diabetes/basics/what-is-type-1-diabetes.html}},
	note = {Accessed: 2021-02-10}
}

@misc{CDC:managing,
	author = "{Centers for Disease Control and Prevention}",
	title = "{Manage Blood Sugar}",
	year = {2020},
	howpublished = {\url{https://www.cdc.gov/diabetes/basics/what-is-type-1-diabetes.html}},
	note = {Accessed: 2021-02-10}
}

@misc{WHO:diabetes,
	author = "{World Health Organization}",
	title = "Diabetes",
	year = {2020},
	howpublished = {\url{https://www.who.int/news-room/fact-sheets/detail/diabetes}},
	note = {Accessed: 2021-02-11}
}

@article{zhu:bolus_drl,
	AUTHOR = {Taiyu Zhu and Kezhi Li and Lei Kuang and Pau Herrero and Pantelis Georgiou},
	TITLE = {An Insulin Bolus Advisor for Type 1 Diabetes Using Deep Reinforcement Learning},
	JOURNAL = {Sensors},
	VOLUME = {20},
	YEAR = {2020},
	NUMBER = {18},
	URL = {https://www.mdpi.com/1424-8220/20/18/5058},
	ISSN = {1424-8220},
	DOI = {10.3390/s20185058}
}

@article{dalla_man:simulator,
	author = {Chiara Dalla Man  and Francesco Micheletto and Dayu Lv and Marc Breton and Boris Kovatchev and Claudio Cobelli},
	title = "The {UVA/PADOVA} Type 1 Diabetes Simulator: New Features",
	journal = {Journal of Diabetes Science and Technology},
	year = {2014},
	volume = {8},
	pages = {26-34},
	doi = {10.1177/1932296813514502}
}

@article{schmidt:bolus,
	author = {Singe Schmidt and Kristen Nørgaard},
	title = {Bolus Calculators},
	journal = {Journal of Diabetes Science and Technology},
	year = {2014},
	volume = {8},
	pages = {1035-1041},
	doi = {10.1177/1932296814532906}
}

@inproceedings{bunescu:svr_bgl,
	author = {Razvan Bunescu and Nigel Struble and Cindy Marling and Jay Shubrook and Frank Schwartz},
	title = {Blood Glucose Level Prediction Using Physiological Models and Support Vector Regression},
	booktitle = {Proceedings of the IEEE 12th International Conference on Machine Learning and Applications (ICMLA)},
	address = {Miami, Floria, USA},
	publisher = {IEEE},
	year = {2013},
	pages = {135-140},
}

@inproceedings{mirshekarian:bgl_pred,
    author = {Sadegh Mirshekarian and Hui Shen and Razvan Bunescu and Cindy Marling},
    title = {{LSTMs} and Neural Attention Models for Blood Glucose Prediction: Comparative Experiments on Real and Synthetic Data},
    booktitle = {Proceedings of the 41st International Conference of the IEEE Engineering in Medicine and Biology Society (EMBC 2019)},
    year = 2019,
    address = {Berlin, Germany}
}

@article{hochreiter:nc97,
	author = {Sepp Hochreiter and Jürgen Schmidhuber},
	year = {1997},
	month = {12},
	pages = {1735-1780},
	title = {Long Short-term Memory},
	volume = {9},
	journal = {Neural Computation},
	doi = {10.1162/neco.1997.9.8.1735}
}

@article{cappon:bolus_nn,
	author = {Giacomo Cappon and Martina Vettoretti and Francesca Marturano and Andrea Facchinetti and Giovanni Sparacino},
	title = {A Neural-Network-Based Approach to Personalize Insulin Bolus Calculation Using Continuous Glucose Monitoring},
	journal = {Journal of Diabetes Science and Technology},
	year = {2018},
	pages = {265-272},
	volume = {12}
}

@inproceedings{oreshkin:nbeats,
      title= {{N-BEATS:} Neural basis expansion analysis for interpretable time series forecasting}, 
      author= {Boris N. Oreshkin and Dmitri Carpov and Nicolas Chapados and Yoshua Bengio},
      year= {2020},
      booktitle = {International Conference on Learning Representations (ICLR)}
}

@inproceedings{rubin_falcone:nbeats_bgl,
	author = {Harry Rubin-Falcone and Ian Fox and Jenna Wiens},
	title = {Deep Residual Time-Series Forecasting: Application to Blood Glucose Prediction},
	year = {2020},
	booktitle = "The 5th International Workshop on Knowledge Discovery in Healthcare Data",
	address = {Santiago de Compostela, Spain},
    pages = {112-116}
}

@article{pesl:case_based,
	author = {Peter Pesl and Pau Herrero and Monika Reddy and Maria Xenou and Nick Oliver and Desmond Johnston and Christofer Toumazou and Pantelis Georgiou},
	title = {An advanced bolus calculator for type 1 diabetes: System architecture and usability results},
	year = {2016},
	journal = {IEEE Journal of Biomedical and Health Informatics},
	volume = {20},
	number = {1},
	pages ={11-17},
	doi = {10.1109/JBHI.2015.2464088}
}

@article{tyler:knn,
	author = {Nichole Tyler and Clara Mosquera-Lopez and Leah Wilson and Robert Dodier and Deborah Branigan and Virginia Gabo and Florian Guillot and Wade Hilts and Joseph El Youssef and Jessica Castle and Peter Jacobs},
	title = {An artificial intelligence decision support system for the management of type 1 diabetes},
	journal = {Nature Metabolism},
	volume = {2},
	pages = {612-619},
	year = {2020},
	doi = {10.1038/s42255-020-0212-y}
}

@inproceedings{ohiot1dm:marling:kdh18,
	author = {Cindy Marling and Razvan Bunescu},
	title = {The {OhioT1DM} Dataset for Blood Glucose Level Prediction},
	booktitle = {The 3rd International Workshop on Knowledge Discovery in Healthcare Data},
	address = {Stockholm, Sweden},
	year = {2018}
}

@article{boutayeb2016,
  author = {A. Boutayeb and A. Chetouani},
  title = {A critical review of mathematical models and data used in diabetology},
  journal = {BioMedical Engineering OnLine},
  volume = {5},
  number = {43},
  year = {2006},
}

@inproceedings{kingma:adam,
    author = {D. P. Kingma and J. L. Ba},
    title = {Adam: A method for stochastic optimization},
    booktitle = {Third International Conference for Learning Representations (ICLR)},
    year = {2015},
    address = {San Diego, California}
}

@ARTICLE{sun:jbhi19,
  author={Q. Sun and M. V. Jankovic and J. Budzinski and B. Moore and P. Diem and C. Stettler and S. G. Mougiakakou},
  journal={IEEE Journal of Biomedical and Health Informatics}, 
  title={A Dual Mode Adaptive Basal-Bolus Advisor Based on Reinforcement Learning}, 
  year={2019},
  volume={23},
  number={6},
  pages={2633-2641}
}

@article{walsh:jdst18,
  author = {J. Walsh and R. Roberts and T. S. Bailey and L. Heinemann},
  title = "Bolus Advisors: Sources of Error, Targets for Improvement",
  year = "2018",
  pages = "190--198",
  volume = "12",
  number = "1",
  journal = "Journal of Diabetes Science and Technology"
}

@article{zisser:dtt08,
  title={Bolus calculator: A review of four "smart" insulin pumps.},
  author={H. C. Zisser and L. T. Robinson and W. Bevier and E. Dassau and C. L. Ellingsen and F. J. Doyle and L. Jovanovic},
  journal={Diabetes Technology \& Therapeutics},
  year={2008},
  volume={10},
  number = {6},
  pages={441--444},
}

@article{norouzi:article,
    author = {S. Norouzi and A. Ghalibaf and S. Sistani and V. Banazadeh and F. Keykhaei and P.  Zareishargh and F. Amiri and M. Nematy and K. Etminani},
    year = "2018",
    pages = "466--472",
    title = "A Mobile Application for Managing Diabetic Patients' Nutrition: A Food Recommender System",
    volume = "21",
    journal = "Archives of Iranian Medicine"
}

@article{stavroula:dtt,
  title={A neural network approach for insulin regime and dose adjustment in type 1 diabetes},
  author={S. G. Mougiakakou and K. S. Nikita},
  journal={Diabetes Technology \& Therapeutics},
  volume={2},
  number={3},
  pages={381--389},
  year={2000}
}

@inproceedings{plis:maiha14,
    author = {K. Plis and R. Bunescu and C. Marling and J. Shubrook and F. Schwartz},
    title = "A Machine Learning Approach to Predicting Blood Glucose Levels for Diabetes Management",
    booktitle = "Modern Artificial Intelligence for Health Analytics: Papers Presented at the Twenty-Eighth AAAI Conference on Artificial Intelligence",
    publisher = "AAAI Press",
    pages = {35--39},
    year = {2014}
}

@inproceedings{beauchamp:kdh20,
    author = {J. Beauchamp and R. Bunescu and C. Marling},
    title = "A General Neural Architecture for Carbohydrate and Bolus Recommendations in Type 1 Diabetes Management",
    booktitle = "The 5th International Workshop on Knowledge Discovery in Healthcare Data",
    address = {Santiago de Compostela, Spain},
    year = 2020,
    note = {in press.}
}

@inproceedings{ohiot1dm:marling:kdh20,
    author = {Cindy Marling and Razvan Bunescu},
    title = "The {OhioT1DM} Dataset for Blood Glucose Level Prediction: Update 2020",
    booktitle = "The 5th International Workshop on Knowledge Discovery in Healthcare Data",
    address = {Santiago de Compostela, Spain},
    year = 2020,
    note = {in press.}
}

@proceedings{kdh-2018-proceedings,
	title = {Proceedings of the 3rd International Workshop on Knowledge Discovery in Healthcare Data},
	editor = {Kerstin Bach and Razvan Bunescu and Oladimeji Farri and Aili Guo and 
	Sadid Hasan and Zina M. Ibrahim and Cindy Marling and Jesse Raffa and Jonathan Rubin 
	and Honghan Wu},
	address = {Stockholm, Sweden},
	publisher = {{CEUR-WS.org}},
	year = 2018,
	url = {http://ceur-ws.org/Vol-2148/}
}


@proceedings{kdh-2020-proceedings,
	title = {Proceedings of the 5th International Workshop on Knowledge Discovery in Healthcare Data},
	editor = {Kerstin Bach and Razvan Bunescu and Cindy Marling and Nirmalie Wiratunga},
	address = {Santiago de Compostela, Spain},
	year = 2020,
	url = {http://ceur-ws.org/Vol-2675/}
}

@article{sherstinsky:rnn},
  author    = {Alex Sherstinsky},
  title     = {Fundamentals of Recurrent Neural Network {(RNN)} and Long Short-Term
               Memory {(LSTM)} Network},
  journal   = {CoRR},
  volume    = {abs/1808.03314},
  year      = {2018},
  url       = {http://arxiv.org/abs/1808.03314},
  archivePrefix = {arXiv},
  eprint    = {1808.03314},
  timestamp = {Sun, 02 Sep 2018 15:01:55 +0200},
  biburl    = {https://dblp.org/rec/journals/corr/abs-1808-03314.bib},
  bibsource = {dblp computer science bibliography, https://dblp.org}
}

@article{boden:rnn,
  title={A guide to recurrent neural networks and backpropagation},
  author={Boden, Mikael},
  journal={The Dallas Project},
  year={2002}
}

@ARTICLE{werbos:bptt,
  author={P. J. {Werbos}},
  journal={Proceedings of the IEEE}, 
  title={Backpropagation through time: what it does and how to do it}, 
  year={1990},
  volume={78},
  number={10},
  pages={1550-1560},
  doi={10.1109/5.58337}
}

@article{bengio:vanishing,
  title={Learning long-term dependencies with gradient descent is difficult},
  author={Bengio, Yoshua and Simard, Patrice and Frasconi, Paolo},
  journal={IEEE Transactions on Neural Networks},
  volume={5},
  number={2},
  pages={157--166},
  year={1994},
  publisher={IEEE}
}

@inproceedings{pascanu2013difficulty,
  title={On the difficulty of training recurrent neural networks},
  author={Pascanu, Razvan and Mikolov, Tomas and Bengio, Yoshua},
  booktitle={International Conference on Machine Learning},
  pages={1310--1318},
  year={2013},
  organization={PMLR}
}

@article{gers1999learning,
author = {Gers, Felix and Schmidhuber, Jürgen and Cummins, Fred},
year = {2000},
month = {10},
pages = {2451-71},
title = {Learning to Forget: Continual Prediction with {LSTM}},
volume = {12},
journal = {Neural Computation},
doi = {10.1162/089976600300015015}
}

@inproceedings{he2016deep,
  title={Deep residual learning for image recognition},
  author={He, Kaiming and Zhang, Xiangyu and Ren, Shaoqing and Sun, Jian},
  booktitle={Proceedings of the IEEE Conference on Computer Vision and Pattern Recognition},
  pages={770--778},
  year={2016}
}

@inproceedings{szegedy2015going,
  title={Going deeper with convolutions},
  author={Szegedy, Christian and Liu, Wei and Jia, Yangqing and Sermanet, Pierre and Reed, Scott and Anguelov, Dragomir and Erhan, Dumitru and Vanhoucke, Vincent and Rabinovich, Andrew},
  booktitle={Proceedings of the IEEE Conference on Computer Vision and Pattern Recognition},
  pages={1--9},
  year={2015}
}

@article{krizhevsky2012imagenet,
  title={Imagenet Classification with Deep Convolutional Neural Networks},
  author={Krizhevsky, Alex and Sutskever, Ilya and Hinton, Geoffrey E},
  journal={Advances in Neural Information Processing Systems},
  volume={25},
  pages={1097--1105},
  year={2012}
}

@inproceedings{glorot2010understanding,
  title={Understanding the Difficulty of Training Deep Feedforward Neural Networks},
  author={Glorot, Xavier and Bengio, Yoshua},
  booktitle={Proceedings of the Thirteenth International Conference on Artificial Intelligence and Statistics},
  pages={249--256},
  year={2010},
  organization={JMLR Workshop and Conference Proceedings}
}

@article{liu2019towards,
  title={Towards Understanding the Importance of Shortcut Connections in Residual Networks},
  author={Liu, Tianyi and Chen, Minshuo and Zhou, Mo and Du, Simon S and Zhou, Enlu and Zhao, Tuo},
  journal={arXiv preprint arXiv:1909.04653},
  year={2019}
}

@InProceedings{Huang_2017_CVPR,
author = {Huang, Gao and Liu, Zhuang and van der Maaten, Laurens and Weinberger, Kilian Q.},
title = {Densely Connected Convolutional Networks},
booktitle = {Proceedings of the IEEE Conference on Computer Vision and Pattern Recognition (CVPR)},
month = {July},
year = {2017}
}

@inproceedings{he2016identity,
  title={Identity Mappings in Deep Residual Networks},
  author={He, Kaiming and Zhang, Xiangyu and Ren, Shaoqing and Sun, Jian},
  booktitle={European Conference on Computer Vision},
  pages={630--645},
  year={2016},
  organization={Springer}
}

@article{lecun2015deep,
  title={Deep Learning},
  author={LeCun, Yann and Bengio, Yoshua and Hinton, Geoffrey},
  journal={Nature},
  volume={521},
  number={7553},
  pages={436--444},
  year={2015},
  publisher={Nature Publishing Group}
}

@article{greff2016lstm,
  title="{{LSTM}}: A Search Space Odyssey",
  author={Greff, Klaus and Srivastava, Rupesh K and Koutn{\'\i}k, Jan and Steunebrink, Bas R and Schmidhuber, J{\"u}rgen},
  journal={IEEE Transactions on Neural Networks and Learning Systems},
  volume={28},
  number={10},
  pages={2222--2232},
  year={2016},
  publisher={IEEE}
}