@inproceedings{ohiot1dm:marling:kdh20,
    author = {Cindy Marling and Razvan Bunescu},
    title = "The {OhioT1DM} Dataset for Blood Glucose Level Prediction: Update 2020",
    booktitle = "The 5th International Workshop on Knowledge Discovery in Healthcare Data",
    address = {Santiago de Compostela, Spain},
    year = 2020,
    note = {in press.}
}

@inproceedings{ohiot1dm:marling:kdh18,
    author = {C. Marling and R. Bunescu},
    title = "The {OhioT1DM} Dataset for Blood Glucose Level Prediction",
    booktitle = "The 3rd International Workshop on Knowledge Discovery in Healthcare Data",
    address = {Stockholm, Sweden},
    year = 2018,
    note = {Available at http://ceur-ws.org/Vol-2148/paper09.pdf}
}

@inproceedings{beauchamp:kdh20,
    author = {J. Beauchamp and R. Bunescu and C. Marling},
    title = "A General Neural Architecture for Carbohydrate and Bolus Recommendations in Type 1 Diabetes Management",
    booktitle = "The 5th International Workshop on Knowledge Discovery in Healthcare Data",
    address = {Santiago de Compostela, Spain},
    year = 2020,
    note = {in press.}
}

@inproceedings{mirshekarian:embc19,
    author = {S. Mirshekarian and H. Shen and R. Bunescu and C. Marling},
    title = "{LSTMs} and Neural Attention Models for Blood Glucose Prediction: Comparative Experiments on Real and Synthetic Data",
    booktitle = "Proceedings of the 41st International Conference of the IEEE Engineering in Medicine and Biology Society (EMBC 2019)",
    year = 2019,
    address = {Berlin, Germany}
}

@inproceedings{plis:maiha14,
    author = {K. Plis and R. Bunescu and C. Marling and J. Shubrook and F. Schwartz},
    title = "A Machine Learning Approach to Predicting Blood Glucose Levels for Diabetes Management",
    booktitle = "Modern Artificial Intelligence for Health Analytics: Papers Presented at the Twenty-Eighth AAAI Conference on Artificial Intelligence",
    publisher = "AAAI Press",
    pages = {35--39},
    year = "2014"
}

@inproceedings{bunescu:icmla13,
    author = {R. Bunescu and N. Struble and C. Marling and J. Shubrook and F. Schwartz},
    title = "Blood Glucose Level Prediction Using Physiological Models and Support Vector Regression",
    booktitle = "Proceedings of the Twelfth International Conference on Machine Learning and Applications (ICMLA)",
    pages = {135--140},
    publisher = "IEEE Press",
    year = "2013"
}

@article{norouzi:article,
    author = {S. Norouzi and A. Ghalibaf and S. Sistani and V. Banazadeh and F. Keykhaei and P.  Zareishargh and F. Amiri and M. Nematy and K. Etminani},
    year = "2018",
    pages = "466--472",
    title = "A Mobile Application for Managing Diabetic Patients' Nutrition: A Food Recommender System",
    volume = "21",
    journal = "Archives of Iranian Medicine"
}

@article{stavroula:dtt,
  title={A neural network approach for insulin regime and dose adjustment in type 1 diabetes},
  author={S. G. Mougiakakou and K. S. Nikita},
  journal={Diabetes Technology \& Therapeutics},
  volume={2},
  number={3},
  pages={381--389},
  year={2000}
}

@article{zisser:dtt08,
  title={Bolus calculator: A review of four ``smart" insulin pumps.},
  author={H. C. Zisser and L. T. Robinson and W. Bevier and E. Dassau and C. L. Ellingsen and F. J. Doyle and L. Jovanovic},
  journal={Diabetes Technology \& Therapeutics},
  year={2008},
  volume={10},
  number = {6},
  pages={441--444},
}

@article{cappon:jdst18,
  author = {G. Cappon and M. Vettoretti and F. Marturano and A. Facchinetti and G. Sparacino},
  title = "A Neural-Network-Based Approach to Personalize Insulin Bolus Calculation Using Continuous Glucose Monitoring",
  year = "2018",
  pages = "265--272",
  volume = "12",
  number = "2",
  journal = "Journal of Diabetes Science and Technology"
}

@article{walsh:jdst18,
  author = {J. Walsh and R. Roberts and T. S. Bailey and L. Heinemann},
  title = "Bolus Advisors: Sources of Error, Targets for Improvement",
  year = "2018",
  pages = "190--198",
  volume = "12",
  number = "1",
  journal = "Journal of Diabetes Science and Technology"
}

@ARTICLE{sun:jbhi19,
  author={Q. Sun and M. V. Jankovic and J. Budzinski and B. Moore and P. Diem and C. Stettler and S. G. Mougiakakou},
  journal={IEEE Journal of Biomedical and Health Informatics}, 
  title={A Dual Mode Adaptive Basal-Bolus Advisor Based on Reinforcement Learning}, 
  year={2019},
  volume={23},
  number={6},
  pages={2633--2641}
}
  
@inproceedings{kingma:adam,
    author = {D. P. Kingma and J. L. Ba},
    title = {Adam: A method for stochastic optimization},
    booktitle = {Third International Conference for Learning Representations (ICLR)},
    year = 2015,
    address = {San Diego, California}
}

@article{hochreiter:nc97,
author = {Hochreiter, Sepp and Schmidhuber, JÃ¼rgen},
year = {1997},
month = {12},
pages = {1735-1780},
title = {Long Short-term Memory},
volume = {9},
journal = {Neural Computation},
doi = {10.1162/neco.1997.9.8.1735}
}

@article{boutayeb2016,
  author = {A. Boutayeb and A. Chetouani},
  title = {A critical review of mathematical models and data used in diabetology},
  journal = {BioMedical Engineering OnLine},
  volume = {5},
  number = {43},
  year = {2006},
}

@proceedings{kdh-2018-proceedings,
title = {Proceedings of the 3rd International Workshop on Knowledge Discovery in Healthcare Data},
editor = {Kerstin Bach and Razvan Bunescu and Oladimeji Farri and Aili Guo and 
Sadid Hasan and Zina M. Ibrahim and Cindy Marling and Jesse Raffa and Jonathan Rubin 
and Honghan Wu},
address = {Stockholm, Sweden},
publisher = {{CEUR-WS.org}},
year = 2018,
note = {Available at http://ceur-ws.org/Vol-2148/}
}


@proceedings{kdh-2020-proceedings,
title = {Proceedings of the 5th International Workshop on Knowledge Discovery in Healthcare Data},
editor = {Kerstin Bach and Razvan Bunescu and Cindy Marling and Nirmalie Wiratunga},
address = {Santiago de Compostela, Spain},
year = 2020,
note = {in press.}
}






