@inproceedings{ohiot1dm:marling:kdh20,
    author = {Cindy Marling and Razvan Bunescu},
    title = {The {OhioT1DM} dataset for blood glucose level prediction: Update 2020},
    booktitle = {Proceedings of the 5th International Workshop on Knowledge Discovery in Healthcare Data},
    year = {2020},
    note = {Available at http://ceur-ws.org/Vol-2675/paper11.pdf}
}

@inproceedings{ohiot1dm:marling:kdh18,
    author = {C. Marling and R. Bunescu},
    title = {The {OhioT1DM} dataset for blood glucose level prediction},
    booktitle = {Proceedings of the 3rd International Workshop on Knowledge Discovery in Healthcare Data},
    year = {2018},
    note = {Available at http://ceur-ws.org/Vol-2148/paper09.pdf}
}

@inproceedings{beauchamp:kdh20,
    author = {J. Beauchamp and R. Bunescu and C. Marling},
    title = "A general neural architecture for carbohydrate and bolus recommendations in type 1 diabetes management",
    booktitle = {Proceedings of the 5th International Workshop on Knowledge Discovery in Healthcare Data},
    year = {2020},
    note = {Available at http://ceur-ws.org/Vol-2675/paper6.pdf}
}

@inproceedings{mirshekarian:embc19,
    author = {S. Mirshekarian and H. Shen and R. Bunescu and C. Marling},
    title = {{LSTMs} and neural attention models for blood glucose prediction: Comparative experiments on real and synthetic data},
    booktitle = "Proceedings of the 41st International Conference of the IEEE Engineering in Medicine and Biology Society (EMBC)",
    year = {2019}
}

@inproceedings{plis:maiha14,
    author = {K. Plis and R. Bunescu and C. Marling and J. Shubrook and F. Schwartz},
    title = "A machine learning approach to predicting blood glucose levels for diabetes management",
    booktitle = "Modern Artificial Intelligence for Health Analytics: Papers Presented at the Twenty-Eighth AAAI Conference on Artificial Intelligence",
    publisher = "AAAI Press",
    pages = {35--39},
    year = {2014}
}

@inproceedings{bunescu:icmla13,
    author = {R. Bunescu and N. Struble and C. Marling and J. Shubrook and F. Schwartz},
    title = "Blood glucose level prediction using physiological models and support vector regression",
    booktitle = "Proceedings of the Twelfth International Conference on Machine Learning and Applications (ICMLA)",
    pages = {135--140},
    publisher = "IEEE Press",
    year = {2013}
}

@article{norouzi:article,
    author = {S. Norouzi and A. Ghalibaf and S. Sistani and V. Banazadeh and F. Keykhaei and P.  Zareishargh and F. Amiri and M. Nematy and K. Etminani},
    year = {2018},
    pages = "466--472",
    title = "A mobile application for managing diabetic patients' nutrition: A food recommender system",
    volume = "21",
    journal = "Archives of Iranian Medicine"
}

@article{stavroula:dtt,
  title={A neural network approach for insulin regime and dose adjustment in type 1 diabetes},
  author={S. G. Mougiakakou and K. S. Nikita},
  journal={Diabetes Technology \& Therapeutics},
  volume={2},
  number={3},
  pages={381--389},
  year={2000}
}

@article{zisser:dtt08,
  title={Bolus calculator: A review of four ``smart" insulin pumps.},
  author={H. C. Zisser and L. T. Robinson and W. Bevier and E. Dassau and C. L. Ellingsen and F. J. Doyle and L. Jovanovic},
  journal={Diabetes Technology \& Therapeutics},
  year={2008},
  volume={10},
  number = {6},
  pages={441--444},
}

@article{cappon:jdst18,
  author = {G. Cappon and M. Vettoretti and F. Marturano and A. Facchinetti and G. Sparacino},
  title = "A neural-network-based approach to personalize insulin bolus calculation using continuous glucose monitoring",
  year = {2018},
  pages = "265--272",
  volume = "12",
  number = "2",
  journal = "Journal of Diabetes Science and Technology"
}

@article{walsh:jdst18,
  author = {J. Walsh and R. Roberts and T. S. Bailey and L. Heinemann},
  title = "Bolus advisors: Sources of error, targets for improvement",
  year = {2018},
  pages = "190--198",
  volume = "12",
  number = "1",
  journal = "Journal of Diabetes Science and Technology"
}

@ARTICLE{sun:jbhi19,
  author={Q. Sun and M. V. Jankovic and J. Budzinski and B. Moore and P. Diem and C. Stettler and S. G. Mougiakakou},
  journal={IEEE Journal of Biomedical and Health Informatics}, 
  title={A dual mode adaptive basal-bolus advisor based on reinforcement learning}, 
  year={2019},
  volume={23},
  number={6},
  pages={2633--2641}
}
  
@inproceedings{kingma:adam,
    author = {D. P. Kingma and J. L. Ba},
    title = {Adam: A method for stochastic optimization},
    booktitle = {Third International Conference on Learning Representations (ICLR)},
    year = {2015}
}

@article{hochreiter:nc97,
author = {Hochreiter, Sepp and Schmidhuber, JÃ¼rgen},
year = {1997},
month = {12},
pages = {1735-1780},
title = {Long short-term memory},
volume = {9},
journal = {Neural Computation},
doi = {10.1162/neco.1997.9.8.1735}
}

@article{boutayeb2016,
  author = {A. Boutayeb and A. Chetouani},
  title = {A critical review of mathematical models and data used in diabetology},
  journal = {BioMedical Engineering OnLine},
  volume = {5},
  number = {43},
  year = {2006},
}

@proceedings{kdh-2018-proceedings,
title = {Proceedings of the 3rd International Workshop on Knowledge Discovery in Healthcare Data},
editor = {Kerstin Bach and Razvan Bunescu and Oladimeji Farri and Aili Guo and 
Sadid Hasan and Zina M. Ibrahim and Cindy Marling and Jesse Raffa and Jonathan Rubin 
and Honghan Wu},
address = {Stockholm, Sweden},
publisher = {{CEUR-WS.org}},
year = {2018},
note = {Available at http://ceur-ws.org/Vol-2148/}
}


@proceedings{kdh-2020-proceedings,
title = {Proceedings of the 5th International Workshop on Knowledge Discovery in Healthcare Data},
editor = {Kerstin Bach and Razvan Bunescu and Cindy Marling and Nirmalie Wiratunga},
address = {Santiago de Compostela, Spain},
publisher = {{CEUR-WS.org}},
year = {2020},
note = {Available at http://ceur-ws.org/Vol-2675/}
}

@article{pesl:case_based,
	author = {Peter Pesl and Pau Herrero and Monika Reddy and Maria Xenou and Nick Oliver and Desmond Johnston and Christofer Toumazou and Pantelis Georgiou},
	title = {An advanced bolus calculator for type 1 diabetes: System architecture and usability results},
	year = {2016},
	journal = {IEEE Journal of Biomedical and Health Informatics},
	volume = {20},
	number = {1},
	pages ={11-17},
	doi = {10.1109/JBHI.2015.2464088}
}

@article{tyler:knn,
	author = {Nichole Tyler and Clara Mosquera-Lopez and Leah Wilson and Robert Dodier and Deborah Branigan and Virginia Gabo and Florian Guillot and Wade Hilts and Joseph El Youssef and Jessica Castle and Peter Jacobs},
	title = {An artificial intelligence decision support system for the management of type 1 diabetes},
	journal = {Nature Metabolism},
	volume = {2},
	pages = {612-619},
	year = {2020},
	doi = {10.1038/s42255-020-0212-y}
}

@inproceedings{oreshkin:nbeats,
      title= {{N-BEATS:} Neural basis expansion analysis for interpretable time series forecasting}, 
      author= {Boris N. Oreshkin and Dmitri Carpov and Nicolas Chapados and Yoshua Bengio},
      year= {2019},
      booktitle = {International Conference on Learning Representations (ICLR)}
}

@inproceedings{rubin_falcone:nbeats_bgl,
	author = {Harry Rubin-Falcone and Ian Fox and Jenna Wiens},
	title = {Deep residual time-series forecasting: Application to blood glucose prediction},
	year = {2020},
	booktitle = "Proceedings of the 5th International Workshop on Knowledge Discovery in Healthcare Data",
    note = {Available at http://ceur-ws.org/Vol-2675/paper18.pdf}
}

@article{zhu:bolus_drl,
	AUTHOR = {Taiyu Zhu and Kezhi Li and Lei Kuang and Pau Herrero and Pantelis Georgiou},
	TITLE = {An insulin bolus advisor for type 1 diabetes using deep reinforcement learning},
	JOURNAL = {Sensors},
	VOLUME = {20},
	YEAR = {2020},
	NUMBER = {18},
	URL = {https://www.mdpi.com/1424-8220/20/18/5058},
	ISSN = {1424-8220},
	DOI = {10.3390/s20185058}
}

@article{dalla_man:simulator,
	author = {Chiara Dalla Man  and Francesco Micheletto and Dayu Lv and Marc Breton and Boris Kovatchev and Claudio Cobelli},
	title = "The {UVA/PADOVA} type 1 diabetes simulator: New features",
	journal = {Journal of Diabetes Science and Technology},
	year = {2014},
	volume = {8},
	pages = {26-34},
	doi = {10.1177/1932296813514502}
}

@article{gross:calculator,
	author = {Todd Gross and David Kayne and Allen King and Carla Rother and Suzanne Juth},
	title = {A bolus calculator is an effective means of controlling postprandial glycemia in patients on insulin pump therapy},
	journal = {Diabetes Technology \& Therapeutics},
	year = {2003},
	volume = {5},
	number = {3},
	pages = {365-369},
	doi = {10.1089/152091503765691848}
}